<record xmlns='http://www.loc.gov/MARC21/slim'><leader>02563cas a2200541 a 4500</leader><controlfield tag='001'>3022824</controlfield><controlfield tag='005'>20181031171034.0</controlfield><controlfield tag='008'>760328c19629999oncqr4   s   f0   a0eng d</controlfield><datafield ind1=' ' ind2=' ' tag='010'><subfield code='a'>73640746</subfield><subfield code='z'>cn 75075103</subfield></datafield><datafield ind1='1' ind2=' ' tag='019'><subfield code='a'>1892134</subfield></datafield><datafield ind1='0' ind2=' ' tag='022'><subfield code='a'>1181-6740</subfield><subfield code='z'>0318-2606</subfield><subfield code='z'>0844-837X</subfield></datafield><datafield ind1=' ' ind2=' ' tag='035'><subfield code='9'>(AuCNLDY)421570</subfield></datafield><datafield ind1=' ' ind2=' ' tag='035'><subfield code='a'>3022824</subfield></datafield><datafield ind1=' ' ind2=' ' tag='040'><subfield code='a'>CaOONL</subfield><subfield code='b'>eng</subfield><subfield code='c'>CaOONL</subfield><subfield code='d'>DLC</subfield><subfield code='d'>CaOONL</subfield><subfield code='d'>NST</subfield><subfield code='d'>CaOONL</subfield><subfield code='d'>OCoLC</subfield><subfield code='d'>DLC</subfield><subfield code='d'>CaOONL</subfield><subfield code='d'>NST</subfield><subfield code='d'>DLC</subfield><subfield code='d'>CaOONL</subfield><subfield code='d'>OCoLC</subfield><subfield code='d'>DLC</subfield><subfield code='d'>CaOONL</subfield><subfield code='d'>OCoLC</subfield><subfield code='d'>NST</subfield><subfield code='d'>MH</subfield><subfield code='d'>MH</subfield><subfield code='d'>DNAL</subfield><subfield code='d'>OCoLC</subfield><subfield code='d'>LC</subfield></datafield><datafield ind1='0' ind2=' ' tag='041'><subfield code='a'>eng</subfield><subfield code='a'>fre</subfield></datafield><datafield ind1=' ' ind2=' ' tag='042'><subfield code='a'>nlc</subfield><subfield code='a'>isds/c</subfield><subfield code='a'>lc</subfield></datafield><datafield ind1=' ' ind2=' ' tag='043'><subfield code='a'>n-cn---</subfield></datafield><datafield ind1='0' ind2='0' tag='050'><subfield code='a'>HF3221</subfield><subfield code='b'>.C36a</subfield></datafield><datafield ind1='0' ind2=' ' tag='070'><subfield code='a'>253</subfield><subfield code='b'>St25TCI</subfield></datafield><datafield ind1='0' ind2='4' tag='082'><subfield code='a'>382/.5/0971</subfield><subfield code='2'>19</subfield></datafield><datafield ind1='0' ind2=' ' tag='210'><subfield code='a'>Imports ctries.</subfield><subfield code='b'>(Ott.)</subfield></datafield><datafield ind1=' ' ind2='0' tag='222'><subfield code='a'>Imports by countries</subfield><subfield code='b'>(Ottawa)</subfield></datafield><datafield ind1='0' ind2='0' tag='245'><subfield code='a'>Imports by countries /</subfield><subfield code='c'>Dominion Bureau of Statistics, External Trade Division.</subfield></datafield><datafield ind1='1' ind2='1' tag='246'><subfield code='a'>Importations par pays</subfield></datafield><datafield ind1='1' ind2='0' tag='246'><subfield code='a'>Imports by country</subfield></datafield><datafield ind1='1' ind2='0' tag='246'><subfield code='a'>Imports by country (H.S. based)</subfield></datafield><datafield ind1='1' ind2='0' tag='246'><subfield code='a'>Importations par pays (base du S.H.)</subfield></datafield><datafield ind1=' ' ind2=' ' tag='260'><subfield code='a'>[Ottawa] :</subfield><subfield code='b'>The Division,</subfield><subfield code='c'>1962-</subfield></datafield><datafield ind1=' ' ind2=' ' tag='300'><subfield code='a'>v. ;</subfield><subfield code='c'>28 cm.</subfield></datafield><datafield ind1=' ' ind2=' ' tag='310'><subfield code='a'>Quarterly</subfield></datafield><datafield ind1='0' ind2=' ' tag='362'><subfield code='a'>Vol. 19, no. 1 (Jan./Mar. 1962)-</subfield></datafield><datafield ind1='1' ind2=' ' tag='490'><subfield code='a'>Trade of Canada =</subfield><subfield code='a'>Commerce du Canada</subfield></datafield><datafield ind1=' ' ind2=' ' tag='500'><subfield code='a'>Issues for Jan./Mar. 1988-Jan./Mar. 1990 have title: Imports by country (H.S. based) = Importations par pays (base du S.H.).</subfield></datafield><datafield ind1=' ' ind2=' ' tag='500'><subfield code='a'>Some issues have title: Imports by country.</subfield></datafield><datafield ind1=' ' ind2=' ' tag='500'><subfield code='a'>Issues for Jan./Mar. 1974- have French parallel title: Importations par pays.</subfield></datafield><datafield ind1=' ' ind2=' ' tag='530'><subfield code='a'>Also available on microfiche from Micromedia, Ltd., Toronto, Ontario.</subfield></datafield><datafield ind1=' ' ind2=' ' tag='546'><subfield code='a'>Text in English only, Jan./Mar. 1962-Jan./Dec. 1973; text in English and French, Jan./Mar. 1974-</subfield></datafield><datafield ind1=' ' ind2=' ' tag='550'><subfield code='a'>Issued Jan./Mar. 1972-Jan./Dec. 1984, by Statistics Canada, External Trade Division; Jan./Mar. 1985- by International Trade Division.</subfield></datafield><datafield ind1=' ' ind2='0' tag='650'><subfield code='a'>Imports</subfield><subfield code='z'>Canada</subfield><subfield code='v'>Statistics</subfield><subfield code='v'>Periodicals.</subfield></datafield><datafield ind1=' ' ind2='0' tag='651'><subfield code='a'>Canada</subfield><subfield code='x'>Commerce</subfield><subfield code='v'>Statistics</subfield><subfield code='v'>Periodicals.</subfield></datafield><datafield ind1='1' ind2=' ' tag='710'><subfield code='a'>Canada.</subfield><subfield code='b'>Dominion Bureau of Statistics.</subfield><subfield code='b'>External Trade Division.</subfield></datafield><datafield ind1='2' ind2=' ' tag='710'><subfield code='a'>Statistics Canada.</subfield><subfield code='b'>External Trade Division.</subfield></datafield><datafield ind1='2' ind2=' ' tag='710'><subfield code='a'>Statistics Canada.</subfield><subfield code='b'>International Trade Division.</subfield></datafield><datafield ind1='2' ind2=' ' tag='710'><subfield code='a'>Statistics Canada.</subfield><subfield code='b'>External Trade Division.</subfield><subfield code='t'>Importations par pays.</subfield></datafield><datafield ind1='0' ind2='0' tag='780'><subfield code='a'>Canada. Dominion Bureau of Statistics. External Trade Section.</subfield><subfield code='t'>Commodities imported from each country</subfield></datafield><datafield ind1=' ' ind2='0' tag='830'><subfield code='a'>Trade of Canada (Statistics Canada)</subfield></datafield><datafield ind1=' ' ind2='0' tag='830'><subfield code='a'>Trade of Canada (Canada. Dominion Bureau of Statistics)</subfield></datafield><datafield ind1=' ' ind2=' ' tag='984'><subfield code='a'>ANL</subfield><subfield code='c'>S 382.0971 CAN</subfield><subfield code='d'>Vol. 19, no. 1-v. 51, no. 4</subfield><subfield code='e'>(1962-1994)</subfield></datafield></record>